@techreport{3gpp.38.874,
 author = {3GPP},
 institution = {{3rd Generation Partnership Project (3GPP)}},
 month = {12},
 note = {Version 16.0.0},
 number = {38.874},
 title = {{Technical Specification Group Radio Access Network; NR; Study on Integrated Access and Backhaul; (Release 16)}},
 type = {Technical Specification (TS)},
 year = {2018},langid = {english}
}

@ARTICLE{9122596,  author={Gong, Shimin and Lu, Xiao and Hoang, Dinh Thai and Niyato, Dusit and Shu, Lei and Kim, Dong In and Liang, Ying-Chang},  journal={IEEE Communications Surveys   Tutorials},   title={Toward Smart Wireless Communications via Intelligent Reflecting Surfaces: A Contemporary Survey},   year={2020},  volume={22},  number={4},  pages={2283-2314},  doi={10.1109/COMST.2020.3004197},langid = {english}}

@ARTICLE{9133540,  author={Lai, Jiun Y. and Wu, Wu-Hsiu and Su, Yu T.},  journal={IEEE Access},   title={Resource Allocation and Node Placement in Multi-Hop Heterogeneous Integrated-Access-and-Backhaul Networks},   year={2020},  volume={8},  number={},  pages={122937-122958},  doi={10.1109/ACCESS.2020.3007501},langid = {english}}

@ARTICLE{9086877,  author={Lei, Wanlu and Ye, Yu and Xiao, Ming},  journal={IEEE Transactions on Cognitive Communications and Networking},   title={Deep Reinforcement Learning-Based Spectrum Allocation in Integrated Access and Backhaul Networks},   year={2020},  volume={6},  number={3},  pages={970-979},  doi={10.1109/TCCN.2020.2992628},langid = {english}}

@ARTICLE{8999435,  author={Tafintsev, Nikita and Moltchanov, Dmitri and Gerasimenko, Mikhail and Gapeyenko, Margarita and Zhu, Jing and Yeh, Shu-ping and Himayat, Nageen and Andreev, Sergey and Koucheryavy, Yevgeni and Valkama, Mikko},  journal={IEEE Communications Magazine},   title={Aerial Access and Backhaul in mmWave B5G Systems: Performance Dynamics and Optimization},   year={2020},  volume={58},  number={2},  pages={93-99},  doi={10.1109/MCOM.001.1900318},langid = {english}}

@ARTICLE{9113466,  author={Youssef, Marie-Josepha and Farah, Joumana and Nour, Charbel Abdel and Douillard, Catherine},  journal={IEEE Transactions on Vehicular Technology},   title={Full-Duplex and Backhaul-Constrained UAV-Enabled Networks Using NOMA},   year={2020},  volume={69},  number={9},  pages={9667-9681},  doi={10.1109/TVT.2020.3001432},langid = {english}}

@ARTICLE{8906142,  author={Zhang, Liang and Ansari, Nirwan},  journal={IEEE Open Journal of Vehicular Technology},   title={Optimizing the Deployment and Throughput of DBSs for Uplink Communications},   year={2020},  volume={1},  number={},  pages={18-28},  doi={10.1109/OJVT.2019.2954390},langid = {english}}

@ARTICLE{8970580,  author={Zheng, Beixiong and Wu, Qingqing and Zhang, Rui},  journal={IEEE Communications Letters},   title={Intelligent Reflecting Surface-Assisted Multiple Access With User Pairing: NOMA or OMA?},   year={2020},  volume={24},  number={4},  pages={753-757},  doi={10.1109/LCOMM.2020.2969870},langid = {english}}

@INPROCEEDINGS{9322319,  author={Guo, Yiyu and Qin, Zhijin and Liu, Yuanwei and Al-Dhahir, Naofal},  booktitle={GLOBECOM 2020 - 2020 IEEE Global Communications Conference},   title={Intelligent Reflecting Surface Assisted NOMA Over Fading Channels},   year={2020},  volume={},  number={},  pages={1-6},  doi={10.1109/GLOBECOM42002.2020.9322319},langid = {english}}

@INPROCEEDINGS{9348009,  author={Gao, Xinyu and Liu, Yuanwei and Liu, Xiao and Qin, Zhijin},  booktitle={GLOBECOM 2020 - 2020 IEEE Global Communications Conference},   title={Resource Allocation In IRSs Aided MISO-NOMA Networks: A Machine Learning Approach},   year={2020},  volume={},  number={},  pages={1-6},  doi={10.1109/GLOBECOM42002.2020.9348009},langid = {english}}

@ARTICLE{9187867,
  author={Madapatha, Charitha and Makki, Behrooz and Fang, Chao and Teyeb, Oumer and Dahlman, Erik and Alouini, Mohamed-Slim and Svensson, Tommy},
  journal={IEEE Open Journal of the Communications Society}, 
  title={On Integrated Access and Backhaul Networks: Current Status and Potentials}, 
  year={2020},
  volume={1},
  number={},
  pages={1374-1389},
  doi={10.1109/OJCOMS.2020.3022529},langid = {english}}
  
  @ARTICLE{9040265,
  author={Polese, Michele and Giordani, Marco and Zugno, Tommaso and Roy, Arnab and Goyal, Sanjay and Castor, Douglas and Zorzi, Michele},
  journal={IEEE Communications Magazine}, 
  title={Integrated Access and Backhaul in 5G mmWave Networks: Potential and Challenges}, 
  year={2020},
  volume={58},
  number={3},
  pages={62-68},
  doi={10.1109/MCOM.001.1900346},langid = {english}}

@article{article,
author = {Ronkainen, Henrik and Edstam, Jonas and Ericsson, Anders and Östberg, Christer},
year = {2021},
month = {04},
pages = {636949},
title = {Integrated Access and Backhaul: A New Type of Wireless Backhaul in 5G},
volume = {2},
journal = {Frontiers in Communications and Networks},
doi = {10.3389/frcmn.2021.636949},langid = {english}
}

@ARTICLE{unknown,
author = {Tafintsev, Nikita and Moltchanov, Dmitri and Gerasimenko, M. and Gapeyenko, Margarita and Zhu, Jing and Yeh, Shu-ping and Himayat, N. and Andreev, Sergey and Koucheryavy, Yevgeni and Valkama, Mikko},
year = {2019},
month = {11},
pages = {},
title = {Aerial Access and Backhaul in mmWave B5G Systems: Performance Dynamics and Optimization} ,langid = {english}
}

@inproceedings{inproceedings,
author = {Fouda, Abdurrahman and Ibrahim, Ahmed and Guvenc, Ismail and Ghosh, Monisha},
year = {2018},
month = {08},
pages = {1-5},
title = {UAV-Based In-Band Integrated Access and Backhaul for 5G Communications},
doi = {10.1109/VTCFall.2018.8690860},langid = {english}
}

@ARTICLE{8959174,  author={Li, Sixian and Duo, Bin and Yuan, Xiaojun and Liang, Ying-Chang and Di Renzo, Marco},  journal={IEEE Wireless Communications Letters},   title={Reconfigurable Intelligent Surface Assisted UAV Communication: Joint Trajectory Design and Passive Beamforming},   year={2020},  volume={9},  number={5},  pages={716-720},  doi={10.1109/LWC.2020.2966705},langid = {english}}

@INPROCEEDINGS{9013626,
  author={Zhang, Qianqian and Saad, Walid and Bennis, Mehdi},
  booktitle={2019 IEEE Global Communications Conference (GLOBECOM)}, 
  title={Reflections in the Sky: Millimeter Wave Communication with UAV-Carried Intelligent Reflectors}, 
  year={2019},
  volume={},
  number={},
  pages={1-6},
  doi={10.1109/GLOBECOM38437.2019.9013626},langid = {english}}
  
  @article{09122596,
author = {Gong, Shimin and Lu, Xiao and Dinh Thai, Hoang and Niyato, Dusit and Shu, Lei and Kim, Dong In and Liang, Ying-Chang},
year = {2020},
month = {06},
pages = {1-1},
title = {Toward Smart Wireless Communications via Intelligent Reflecting Surfaces: A Contemporary Survey},
volume = {PP},
journal = {IEEE Communications Surveys \& Tutorials},
doi = {10.1109/COMST.2020.3004197},langid = {english}
}

@ARTICLE{8466374,  author={Liaskos, Christos and Nie, Shuai and Tsioliaridou, Ageliki and Pitsillides, Andreas and Ioannidis, Sotiris and Akyildiz, Ian},  journal={IEEE Communications Magazine},   title={A New Wireless Communication Paradigm through Software-Controlled Metasurfaces},   year={2018},  volume={56},  number={9},  pages={162-169},  doi={10.1109/MCOM.2018.1700659},langid = {english}}

@ARTICLE{9311936,  author={Björnson, Emil and Özdogan, Özgecan and Larsson, Erik G.},  journal={IEEE Communications Magazine},   title={Reconfigurable Intelligent Surfaces: Three Myths and Two Critical Questions},   year={2020},  volume={58},  number={12},  pages={90-96},  doi={10.1109/MCOM.001.2000407},langid = {english}}

@INPROCEEDINGS{9014322,
  author={Yu, Xianghao and Xu, Dongfang and Schober, Robert},
  booktitle={2019 IEEE Global Communications Conference (GLOBECOM)}, 
  title={Enabling Secure Wireless Communications via Intelligent Reflecting Surfaces}, 
  year={2019},
  volume={},
  number={},
  pages={1-6},
  doi={10.1109/GLOBECOM38437.2019.9014322},langid = {english}}
  
  @ARTICLE{9119122,  author={Di Renzo, Marco and Ntontin, Konstantinos and Song, Jian and Danufane, Fadil H. and Qian, Xuewen and Lazarakis, Fotis and De Rosny, Julien and Phan-Huy, Dinh-Thuy and Simeone, Osvaldo and Zhang, Rui and Debbah, Meroaune and Lerosey, Geoffroy and Fink, Mathias and Tretyakov, Sergei and Shamai, Shlomo},  journal={IEEE Open Journal of the Communications Society},   title={Reconfigurable Intelligent Surfaces vs. Relaying: Differences, Similarities, and Performance Comparison},   year={2020},  volume={1},  number={},  pages={798-807},  doi={10.1109/OJCOMS.2020.3002955},langid = {english}}
  
  
  @ARTICLE{9424177,  author={ElMossallamy, Mohamed A. and Zhang, Hongliang and Song, Lingyang and Seddik, Karim G. and Han, Zhu and Li, Geoffrey Ye},  journal={IEEE Transactions on Cognitive Communications and Networking},   title={Reconfigurable Intelligent Surfaces for Wireless Communications: Principles, Challenges, and Opportunities},   year={2020},  volume={6},  number={3},  pages={990-1002},  doi={10.1109/TCCN.2020.2992604},langid = {english}}

@INPROCEEDINGS{8792969,  author={Perez, Alberto and Fouda, Abdurrahman and Ibrahim, Ahmed S.},  booktitle={2019 IEEE 20th International Symposium on "A World of Wireless, Mobile and Multimedia Networks" (WoWMoM)},   title={Ray Tracing Analysis for UAV-Assisted Integrated Access and Backhaul Millimeter Wave Networks},   year={2019},  volume={},  number={},  pages={1-5},  doi={10.1109/WoWMoM.2019.8792969},langid = {english}}

@article{Bjrnson2020IntelligentRS,
  title={Intelligent Reflecting Surface Versus Decode-and-Forward: How Large Surfaces are Needed to Beat Relaying?},
  author={Emil Bj\"{o}rnson and \"{O}zgecan \"{O}zdogan and E. Larsson},
  journal={IEEE Wireless Communications Letters},
  year={2020},
  volume={9},
  pages={244-248},langid = {english}
}


@INPROCEEDINGS{9322325,  author={Wei, Zhiqiang and Cai, Yuanxin and Sun, Zhuo and Kwan Ng, Derrick Wing and Yuan, Jinhong},  booktitle={GLOBECOM 2020 - 2020 IEEE Global Communications Conference},   title={Sum-Rate Maximization for IRS-Assisted UAV OFDMA Communication Systems},   year={2020},  volume={},  number={},  pages={1-7},  doi={10.1109/GLOBECOM42002.2020.9322325},langid = {english}}

@INPROCEEDINGS{9348040,  author={Zhang, Qianqian and Saad, Walid and Bennis, Mehdi},  booktitle={GLOBECOM 2020 - 2020 IEEE Global Communications Conference},   title={Distributional Reinforcement Learning for mmWave Communications with Intelligent Reflectors on a UAV},   year={2020},  volume={},  number={},  pages={1-6},  doi={10.1109/GLOBECOM42002.2020.9348040},langid = {english}}


@article{GT,
  title={Game theory},
  author={Brams, S. J. and Davis, . Morton D. },
  journal={Encyclopedia Britannica},
  year={2021},
  volume={},
  pages={},langid = {english}
}

@article{Lev,
  title={An introduction to game theory},
  author={Levent Kockesen, Efe A Ok},
  journal={University Efe A. Ok New York University July},
  year={2007},
  volume={8},
  pages={},langid = {english}
}

@article{96746240,
author = {Tsiropoulou, Eirini Eleni and Vamvakas, Panagiotis and Papavassiliou, Symeon},
year = {2013},
month = {12},
pages = {299–307},
title = {Joint utility-based uplink power and rate allocation in wireless networks: A non-cooperative game theoretic framework},
volume = {9},
journal = {Physical Communication},
doi = {10.1016/j.phycom.2012.04.006},langid = {english}
}

@Book{9780195322484,
  author={Osborne, Martin J.},
  title={{Introduction to Game Theory: International Edition}},
  publisher={Oxford University Press},
  year=2009,
  month={},
  volume={},
  number={9780195322484},
  series={OUP Catalogue},
  edition={},
  keywords={},
  doi={},
  langid = {english}
}

% @article{TSIROPOULOU201538,
% title = {Combined power and rate allocation in self-optimized multi-service two-tier femtocell networks},
% journal = {Computer Communications},
% volume = {72},
% pages = {38-48},
% year = {2015},
% issn = {0140-3664},
% doi = {https://doi.org/10.1016/j.comcom.2015.05.012},
% url = {https://www.sciencedirect.com/science/article/pii/S0140366415002091},
% author = {Eirini Eleni Tsiropoulou and Panagiotis Vamvakas and Georgios K. Katsinis and Symeon Papavassiliou},
% keywords = {Two-tier femtocell networks, Power and rate allocation, Utility function, Real-time and non-real time services, Nash equilibrium},
%   langid = {english}
% }

@article{HAMIDI2016163,
title = {Non-cooperative and cooperative game-theoretic models for usage-based lease contracts},
journal = {European Journal of Operational Research},
volume = {255},
number = {1},
pages = {163-174},
year = {2016},
issn = {0377-2217},
doi = {https://doi.org/10.1016/j.ejor.2016.04.064},
url = {https://www.sciencedirect.com/science/article/pii/S0377221716303022},
author = {Maryam Hamidi and Haitao Liao and Ferenc Szidarovszky},
keywords = {Lease contracts, Game theory, Usage rate, Maintenance, Coordination mechanism},
langid = {english}
}

@article{games_article,
author = {Cheng, Shih-Fen and Reeves, Daniel and Vorobeychik, Yevgeniy and Wellman, Michael},
year = {2004},
month = {01},
pages = {},
title = {Notes on Equilibria in Symmetric Games},
langid = {english}
}

@INPROCEEDINGS{7261088,  author={Yifen, Mu},  booktitle={2015 34th Chinese Control Conference (CCC)},   title={Equilibrium in repeated Stackelberg Public Goods game with two-leaders-one-follower and one-step-memory},   year={2015},  volume={},  number={},  pages={9157-9162},  doi={10.1109/ChiCC.2015.7261088},langid = {english}}

@article{98716340,
author = {Wilczyński, Andrzej and Jakóbik, Agnieszka and Kołodziej, Joanna},
year = {2016},
month = {09},
pages = {70-79},
title = {Stackelberg Security Games: Models, Applications and Computational Aspects},
volume = {3},
journal = {Journal of Telecommunications and Information Technology}
,langid = {english}
}

@INPROCEEDINGS{4597505,  author={Pu-yan Nie and Pei-ai Zhang},  booktitle={2008 Chinese Control and Decision Conference},   title={A note on Stackelberg games},   year={2008},  volume={},  number={},  pages={1201-1203},  doi={10.1109/CCDC.2008.4597505}, langid = {english}}

@article{maharjan2013dependable,
  title={Dependable demand response management in the smart grid: A Stackelberg game approach},
  author={Maharjan, Sabita and Zhu, Quanyan and Zhang, Yan and Gjessing, Stein and Basar, Tamer},
  journal={IEEE Transactions on Smart Grid},
  volume={4},
  number={1},
  pages={120--132},
  year={2013},
  publisher={IEEE}, langid = {english}
}

@article{van2021reconfigurable,
  title={Reconfigurable Intelligent Surface-Assisted Cell-Free Massive MIMO Systems Over Spatially-Correlated Channels},
  author={Van Chien, Trinh and Ngo, Hien Quoc and Chatzinotas, Symeon and Di Renzo, Marco and Ottersten, Bj{\"o}rn},
  journal={arXiv preprint arXiv:2104.08648},
  year={2021}, langid = {english}
}

@article{van2020power,
  title={Power control in cellular massive MIMO with varying user activity: A deep learning solution},
  author={Van Chien, Trinh and Canh, Thuong Nguyen and Bj{\"o}rnson, Emil and Larsson, Erik G},
  journal={IEEE Transactions on Wireless Communications},
  volume={19},
  number={9},
  pages={5732--5748},
  year={2020},
  publisher={IEEE}, langid = {english}
}

@INPROCEEDINGS{8503202,  author={Alirezaei, Gholamreza and Mathar, Rudolf},  booktitle={2018 Information Theory and Applications Workshop (ITA)},   title={On Exponentially Concave Functions and Their Impact},   year={2018},  volume={},  number={},  pages={1-10},  doi={10.1109/ITA.2018.8503202}, langid = {english}}

@INPROCEEDINGS{9029722,  author={Gao, Bolin and Pavel, Lacra},  booktitle={2019 IEEE 58th Conference on Decision and Control (CDC)},   title={Discounted Mirror Descent Dynamics in Concave Games},   year={2019},  volume={},  number={},  pages={5942-5947},  doi={10.1109/CDC40024.2019.9029722},langid = {english}}

@ARTICLE{9076613,  author={Apostolopoulos, Pavlos Athanasios and Tsiropoulou, Eirini Eleni and Papavassiliou, Symeon},  journal={IEEE/ACM Transactions on Networking},   title={Risk-Aware Data Offloading in Multi-Server Multi-Access Edge Computing Environment},   year={2020},  volume={28},  number={3},  pages={1405-1418},  doi={10.1109/TNET.2020.2983119},langid = {english}}

@article{vamvakas2019exploiting,
  title={Exploiting prospect theory and risk-awareness to protect UAV-assisted network operation},
  author={Vamvakas, Panagiotis and Tsiropoulou, Eirini Eleni and Papavassiliou, Symeon},
  journal={EURASIP Journal on Wireless Communications and Networking},
  volume={2019},
  number={1},
  pages={1--20},
  year={2019},
  publisher={Springer},langid = {english}
}

@article{katsinis2017multicell,
  title={Multicell interference management in device to device underlay cellular networks},
  author={Katsinis, Georgios and Tsiropoulou, Eirini Eleni and Papavassiliou, Symeon},
  journal={Future Internet},
  volume={9},
  number={3},
  pages={44},
  year={2017},
  publisher={Multidisciplinary Digital Publishing Institute},langid = {english}
}

@article{katsinis2017joint,
  title={Joint resource block and power allocation for interference management in device to device underlay cellular networks: A game theoretic approach},
  author={Katsinis, Georgios and Tsiropoulou, Eirini Eleni and Papavassiliou, Symeon},
  journal={Mobile Networks and Applications},
  volume={22},
  number={3},
  pages={539--551},
  year={2017},
  publisher={Springer},langid = {english}
}


@inproceedings{katsinis2015problem,
  title={On the problem of resource allocation and system capacity evaluation via a blocking queuing model in D2D enabled overlay cellular networks},
  author={Katsinis, Georgios and Tsiropoulou, Eirini Eleni and Papavassiliou, Symeon},
  booktitle={International Conference on Ad-Hoc Networks and Wireless},
  pages={76--89},
  year={2015},
  organization={Springer},langid = {english}
}

@article{tsiropoulou2017joint,
  title={Joint customized price and power control for energy-efficient multi-service wireless networks via S-modular theory},
  author={Tsiropoulou, Eirini Eleni and Vamvakas, Panagiotis and Papavassiliou, Symeon},
  journal={IEEE Transactions on Green Communications and Networking},
  volume={1},
  number={1},
  pages={17--28},
  year={2017},
  publisher={IEEE},langid = {english}
}

@article{tsiropoulou2009uplink,
  title={Uplink power control in qos-aware multi-service cdma wireless networks},
  author={Tsiropoulou, Eirini Eleni and Kastrinogiannis, Timotheos and Papavassiliou, Symeon},
  journal={Journal of Communications},
  volume={4},
  number={9},
  pages={654--668},
  year={2009},
  publisher={Citeseer},langid = {english}
}

@article{vamvakas2018dynamic,
  title={Dynamic provider selection \& power resource management in competitive wireless communication markets},
  author={Vamvakas, Panagiotis and Tsiropoulou, Eirini Eleni and Papavassiliou, Symeon},
  journal={Mobile Networks and Applications},
  volume={23},
  number={1},
  pages={86--99},
  year={2018},
  publisher={Springer},langid = {english}
}

@article{apostolopoulos2018demand,
  title={Demand response management in smart grid networks: A two-stage game-theoretic learning-based approach},
  author={Apostolopoulos, Pavlos Athanasios and Tsiropoulou, Eirini Eleni and Papavassiliou, Symeon},
  journal={Mobile Networks and Applications},
  pages={1--14},
  year={2018},
  publisher={Springer},langid = {english}
}

@ARTICLE{7723834,  author={Tsiropoulou, Eirini Eleni and Vamvakas, Panagiotis and Papavassiliou, Symeon},  journal={IEEE Transactions on Mobile Computing},   title={Supermodular Game-Based Distributed Joint Uplink Power and Rate Allocation in Two-Tier Femtocell Networks},   year={2017},  volume={16},  number={9},  pages={2656-2667},  doi={10.1109/TMC.2016.2622263},langid = {english}}

@ARTICLE{9201474,  author={Diamanti, Maria and Fragkos, Georgios and Tsiropoulou, Eirini Eleni and Papavassiliou, Symeon},  journal={IEEE Open Journal of the Communications Society},   title={Unified User Association and Contract-Theoretic Resource Orchestration in NOMA Heterogeneous Wireless Networks},   year={2020},  volume={1},  number={},  pages={1485-1502},  doi={10.1109/OJCOMS.2020.3024778},langid = {english}}

@inproceedings{tsiropoulou2012energy,
  title={Energy efficient uplink joint resource allocation non-cooperative game with pricing},
  author={Tsiropoulou, Eirini Eleni and Vamvakas, Panagiotis and Papavassiliou, Symeon},
  booktitle={2012 IEEE Wireless Communications and Networking Conference (WCNC)},
  pages={2352--2356},
  year={2012},
  organization={IEEE},langid = {english}
}

@ARTICLE{8811733,  author={Wu, Qingqing and Zhang, Rui},  journal={IEEE Transactions on Wireless Communications},   title={Intelligent Reflecting Surface Enhanced Wireless Network via Joint Active and Passive Beamforming},   year={2019},  volume={18},  number={11},  pages={5394-5409},  doi={10.1109/TWC.2019.2936025},langid = {english}}

@ARTICLE{9302723,  author={Jia, Shuaiqi and Yuan, Xiaojun and Liang, Ying-Chang},  journal={IEEE Wireless Communications Letters},   title={Reconfigurable Intelligent Surfaces for Energy Efficiency in D2D Communication Network},   year={2021},  volume={10},  number={3},  pages={683-687},  doi={10.1109/LWC.2020.3046358},langid = {english}}

@inproceedings{vamvakas2019prospect,
  title={On the prospect of uav-assisted communications paradigm in public safety networks},
  author={Vamvakas, Panagiotis and Tsiropoulou, Eirini Eleni and Papavassiliou, Symeon},
  booktitle={IEEE INFOCOM 2019-IEEE Conference on Computer Communications Workshops (INFOCOM WKSHPS)},
  pages={762--767},
  year={2019},
  organization={IEEE},langid = {english}
}

@article{vamvakas2019controlling,
  title={On controlling spectrum fragility via resource pricing in 5g wireless networks},
  author={Vamvakas, Panagiotis and Tsiropoulou, Eirini Eleni and Papavassiliou, Symeon},
  journal={IEEE Networking Letters},
  volume={1},
  number={3},
  pages={111--115},
  year={2019},
  publisher={IEEE},langid = {english}
}

@inproceedings{vamvakas2017optimization,
  title={Optimization and resource management in NOMA wireless networks supporting real and non-real time service bundling},
  author={Vamvakas, Panagiotis and Tsiropoulou, Eirini Eleni and Papavassiliou, Symeon and Baras, John S},
  booktitle={2017 IEEE Symposium on Computers and Communications (ISCC)},
  pages={697--703},
  year={2017},
  organization={IEEE},langid = {english}
}

@INPROCEEDINGS{7998247,  author={Diamantoulakis, Panagiotis D. and Pappi, Koralia N. and Karagiannidis, George K.},  booktitle={2017 24th International Conference on Telecommunications (ICT)},  title={Jointly optimal downlink/uplink design for wireless powered networks},  year={2017},  volume={},  number={},  pages={1-6},  doi={10.1109/ICT.2017.7998247},  langid = {english}}

@book{boyd_vandenberghe_2004,
author={Boyd, Stephen and Vandenberghe, Lieven},
title={Convex Optimization},
journal={Convex Optimization, Cambridge},
publisher={Cambridge University Press},
year={2004},
langid = {english}
}

@article{papavassiliou2020paradigm,
  title={A Paradigm Shift Toward Satisfaction, Realism and Efficiency in Wireless Networks Resource Sharing},
  author={Papavassiliou, Symeon and Tsiropoulou, Eirini Eleni and Promponas, Panagiotis and Vamvakas, Panagiotis},
  journal={IEEE Network},
  year={2020},
  publisher={IEEE},
langid = {english}
}


@inproceedings{vamvakas2019dynamic,
  title={Dynamic spectrum management in 5G wireless networks: A real-life modeling approach},
  author={Vamvakas, Panagiotis and Tsiropoulou, Eirini Eleni and Papavassiliou, Symeon},
  booktitle={IEEE INFOCOM 2019-IEEE Conference on Computer Communications},
  pages={2134--2142},
  year={2019},
  organization={IEEE},
langid = {english}
}

@inproceedings{vamvakas2019risk,
  title={Risk-aware resource control with flexible 5G access technology interfaces},
  author={Vamvakas, Panagiotis and Tsiropoulou, Eirini Eleni and Papavassiliou, Symeon},
  booktitle={2019 IEEE 20th International Symposium on" A World of Wireless, Mobile and Multimedia Networks"(WoWMoM)},
  pages={1--9},
  year={2019},
  organization={IEEE},
langid = {english}
}

@article{matlablink,
author={Thomas Coleman and Mary Ann Branch and Andrew Grace},
journal={Optimization Toolbox For Use with MATLAB: User's Guide, Version 2},
year={1990},
publisher={The MathWorks},
langid = {english}
}

@article{tsiropoulou2015combined,
  title={Combined power and rate allocation in self-optimized multi-service two-tier femtocell networks},
  author={Tsiropoulou, Eirini Eleni and Vamvakas, Panagiotis and Katsinis, Georgios K and Papavassiliou, Symeon},
  journal={Computer Communications},
  volume={72},
  pages={38--48},
  year={2015},
  publisher={Elsevier},
langid = {english}
}


@inproceedings{tsiropoulou2016mitigation,
  title={On the mitigation of interference imposed by intruders in passive RFID networks},
  author={Tsiropoulou, Eirini Eleni and Baras, John S and Papavassiliou, Symeon and Qu, Gang},
  booktitle={International Conference on Decision and Game Theory for Security},
  pages={62--80},
  year={2016},
  organization={Springer},
langid = {english}
}

@misc{zhu2013decision,
  title={Decision and Game Theory for Security},
  author={Zhu, Quanyan and Ba{\c{s}}ar, T},
  year={2013},
  publisher={Springer},
langid = {english}
}

@book{zhang2011game,
  title={Game theory for wireless communications and networking},
  author={Zhang, Yan and Guizani, Mohsen},
  year={2011},
  publisher={CRC press},
langid = {english}
}


@article{li2021robust,
  title={Robust secure UAV communications with the aid of reconfigurable intelligent surfaces},
  author={Li, Sixian and Duo, Bin and Di Renzo, Marco and Tao, Meixia and Yuan, Xiaojun},
  journal={IEEE Transactions on Wireless Communications},
  year={2021},
  publisher={IEEE},
langid = {english}
}

%-------------------------
@article{1,
  title={Information capacity of the space division multiple access mobile communication system},
  author={Rapajic, P.},
  journal={IEEE 5th Int. Symp. on Spread Spectrum Techniques and Applications},
  year={1998},
  pages = {946–950},
  volume = 3,
  langid = {english}
}

@article{2,
  title={The spectrum efficiency of a base station antenna array system for spatially selective transmission},
  author={Zetterberg, P. and Ottersten, B.},
  journal={IEEE Trans. Vehicular Technol.},
  year={1995},
  pages = {651–660},
  volume = {44(3)},
  langid = {english}
}

@article{3,
  title={A multiuser zeroforcing system with reduced near-far problem and MIMO channel correlations},
  author={Dawod, N. and Hafez, R. and Marsland, I.},
  journal={Canadian Conf. on Electrical and Computer Engg.},
  year={2006},
  pages = {936–939},
  langid = {english}
}

@article{4,
  title={Near-far effects in adaptive SDMA systems},
  author={Tangemann, M.},
  journal={IEEE Int. Symp. PIMRC},
  year={1995},
  pages = {1293– 1297},
  volume = {3},
  langid = {english}
}
@article{5,
  title={On the Outage Capacity Distribution of Correlated Keyhole MIMO Channels},
  author={Levin, G. and Loyka, S.},
  journal={IEEE Trans. Info. Theory },
  year={2008},
  pages = {3232–3245},
  volume = {54(7)},
  langid = {english}
}
@article{6,
  title={SNR Estimation for Multi-dimensional Cognitive Receiver under Correlated Channel/Noise},
  author={Sharma, S.K. and Chatzinotas, S. and Ottersten, B.},
  journal={IEEE Trans. Wireless Commun.},
  year={2013},
  pages = { 6392–6405},
  volume = {12(12)},
  langid = {english}
}
@article{7,
  title={Near-far effects in adaptive SDMA systems},
  author={Tangemann, M.},
  journal={IEEE Int. Symp. PIMRC},
  year={1995},
  pages = {1293– 1297},
  volume = {3},
  langid = {english}
}
@article{8,
  title={On the performance, complexity, and fairness of suboptimal resource allocation for multiuser MIMO-OFDMA systems},
  author={Maciel, T. and Klein, A},
  journal={IEEE Trans. on Veh. Technol. },
  year={2010},
  pages = { 406–419},
  volume = {59(1)},
  langid = {english}
}
@article{9,
  title={Performance evaluation of capacity-aware MIMO beamforming schemes in OFDM-SDMA systems},
  author={Sulyman, A. and Hefnawi, M. },
  journal={IEEE Trans. on Commun.},
  year={2010},
  pages = {79–83},
  volume = {58(1)},
  langid = {english}
}
@article{10,
  title={A combined OFDM/SDMA approach},
  author={Vandenameele, P. and Van der Perre, L. and Engels, M. and Gyselinckx, B. and De Man, H.},
  journal={IEEE J. Sel. Areas in Commun. },
  year={2000},
  pages = {2312–2321},
  volume = {18(11)},
  langid = {english}
}
@article{11,
  title={Capacity of multipletransmit multiple-receive antenna architectures},
  author={Lozano, A. and Tulino, A.},
  journal={IEEE Transactions on Information Theory},
  year={2002},
  pages = {3117–3128},
  volume = {48(12)},
  langid = {english}
}

@article{12,
  title={Massive MIMO for next generation wireless systems},
  author={ Larsson, E. and Edfors, O. and Tufvesson, F. and Marzetta, T. },
  journal={IEEE Communications Mag.},
  year={2014},
  pages = {186–195},
  volume = {52(2)},
  langid = {english}
}
@article{13,
  title={Statistical beamforming on the grassmann manifold for the two-user broadcast channel},
  author={Raghavan, V. and Hanly, S. and Veeravalli, V. },
  journal={IEEE Trans. on Info. Theory },
  year={2013},
  pages = { 6464–6489},
  volume = {59(10)},
  langid = {english}
}
@article{14,
  title={Iterative joint channel estimation and multi-user detection for multiple-antenna aided OFDM systems},
  author={Jiang, M.and Akhtman, J. and Hanzo, L.},
  journal={EEE Trans. Wireless Commun.},
  year={2007},
  pages = {2904–2914},
  volume = {6(8)},
  langid = {english}
}
@article{15,
  title={Non-orthogonal multiple access (NOMA) for cellular future radio access},
  author={Y. Saito and Y. Kishiyama and A. Benjebbour and T. Nakamura and A. Li and K. Higuchi,},
  journal={Proc. IEEE 77th Veh. Technol. Conf. (VTC Spring)},
  year={2013},
  langid = {english}
}
@article{16,
  title={Sparse code multiple access},
  author={H. Nikopour and H. Baligh},
  journal={Proc. IEEE Annu. Symp. Pers. Indoor Mobile Radio Commun. (PIMRC)},
  year={2013},
  langid = {english}
}
@article{17,
  title={Nonorthogonal multiple access for 5G: Solutions, challenges, opportunities, and future research trends},
  author={L. Dai and B. Wang and Y. Yuan and S. Han and I. Chih-lin and Z. Wang},
  journal={IEEE Commun. Mag.},
  year={Sept. 2015},
  pages = {74–81},
  volume = {53},
  number = {9},
  langid = {english}
}
@article{18,
  title={Dynamic User Clustering and Power Allocation for Uplink and Downlink Non-Orthogonal Multiple Access (NOMA) Systems },
  author={M. S. Ali and H. Tabassum and E. Hossain,},
  journal={IEEE Access},
  year = {2016},
  volume = {4},
  pages = {6325-6343},
  langid = {english}
}
@article{19,
  title={Rate-splitting unifying SDMA, OMA, NOMA, and multicasting in MISO broadcast channel: A simple two-user rate analysis},
  author={B. Clerckx and Y. Mao and R. Schober and H. V. Poor,},
  journal={arXiv preprint arXiv:1906.04474},
  year={2019},
  url = {http://arxiv.org/abs/1906.04474},
  langid = {english}
}
@online{20,
  title={Requirements for further advancements for E-UTRA (LTE-Advanced)},
  author = {3GPP TR 36.913 v.8.0.0},
  url = {http://www.3gpp.org},
  langid = {english}
}
@article{21,
  title={Online learning about other agents in a dynamic multiagent system},
  author={J. Hu and M. P. Wellman},
  journal={International Conference on Autonomous Agents: Proceedings of the second international conference on Autonomous agents},
  year={1998},
  pages = {239–246},
  volume = {10},
  number = {13},
  langid = {english}
}
@article{22,
  title={Learning deep architectures for AI. Foundations and Trends in Machine Learning 2},
  author={Bengio, Y.},
  year={2009},
  pages = {1-127},
  langid = {english}
}
@article{23,
  title={Stabilising experience replay for deep multi-agent reinforcement learning},
  author={J. Foerster and N. Nardelli and G. Farquhar and T. Afouras and P. H. Torr and P. Kohli and S. Whiteson},
  journal={Proceedings of the 34th International Conference on Machine Learning},
  year={2017},
  pages = {1146–1155},
  volume = {70},
  langid = {english}
}
@article{24,
  title={Human-level control through deep reinforcement learning},
  author={V. Mnih and K. Kavukcuoglu and D. Silver and A. A. Rusu and J. Veness and M. G. Bellemare and A. Graves and M. Riedmiller and A. K. Fidjeland and G. Ostrovski et al.},
  journal={Nature},
  year={2015},
  pages = { 529–533},
  volume = {518},
  number = {7540},
  langid = {english}
}
@article{25,
  title={Play it again: reactivation of waking experience and memory},
  author={O’Neill, J.and Pleydell-Bouverie, B. and Dupret, D. and Csicsvari, J.},
  journal={Trends Neuroscience},
  year={2010},
  pages = {220–229},
  volume = {33},
  langid = {english}
}
@article{26,
  title={Policy gradient methods for reinforcement learning with function approximation},
  author={R. S. Sutton and D. A. McAllester and S. P. Singh and Y. Mansour},
  journal={Proc. Adv. Neural Inf. Process. Syst.},
  year={2000},
  pages = {1057–1063},
  langid = {english}
}
@article{27,
  title={Rate analysis of two-receiver MISO broadcast channel with finite rate feedback: A rate-splitting approach},
  author={ C. Hao, Y. Wu and B. Clerckx},
  journal={IEEE Trans. Commun.},
  year={Sept. 2015},
  pages = {3232–3246},
  volume = {63},
  number={9},
  langid = {english}
}
@article{28,
  title={Sum-rate maximization for linearly precoded downlink multiuser MISO systems with partial CSIT: A ratesplitting approach},
  author={H. Joudeh and B. Clerckx},
  journal={IEEE Trans. Commun.},
  year={2016},
  pages = { 4847– 4861},
  volume = {64},
  number = {11},
  langid = {english}
}
@article{29,
  title={Robust transmission in downlink multiuser MISO systems: A rate-splitting approach},
  author={H. Joudeh and B. Clerckx},
  journal={EEE Trans. Signal Process.},
  year={2016},
  pages = {642–645},
  volume = {64},
  number = {23},
  langid = {english}
}
@article{30,
  title={MMSE-based precoding for rate splitting systems with finite feedback},
  author={G. Lu and L. Li and H. Tian and F. Qian},
  journal={IEEE Commun. Lett.},
  year={2018},
  pages = {642–645},
  volume = {22},
  number = {3},
  langid = {english}
}
@article{31,
  title={Robust downlink transmission: An offset-based single-rate-splitting approach},
  author={ M. Medra and T. N. Davidson},
  journal={Proc. IEEE Int. Workshop Signal Process. Adv. Wireless Commun. (SPAWC)},
  year={2018},
  langid = {english}
}
@article{32,
  title={Energy efficiency of rate-splitting multiple access, and performance benefits over SDMA and NOMA},
  author={Y. Mao and B. Clerckx and V. O. K. Li},
  journal={Proc. IEEE Int. Symp. Wireless Commun. Syst. (ISWCS)},
  year={2018},
  langid = {english}
}
@article{33,
  title={Rate-splitting unifying SDMA, OMA, NOMA, and multicasting in MISO broadcast channel: A simple two-user rate analysis},
  author={B. Clerckx and Y. Mao and R. Schober and H. V. Poor},
  journal={IEEE Wireless Commun. Lett.},
  year={2020},
  pages = {349–353},
  volume = {9},
  number = {3},
  langid = {english}
}
@article{34,
  title={Link-level performance of rate-splitting based downlink multiuser MISO systems},
  author={ H. Chen and D. Mi and Z. Chu and P. Xiao and Y. Xu and D. He},
  journal={Proc. IEEE Annu. Symp. Pers. Indoor Mobile Radio Commun. (PIMRC)},
  year={2020},
  langid = {english}
}
@article{35,
  title={Rate-splitting multiple access for downlink multi-antenna communications: Physical layer design and link-level simulations},
  author={ O. Dizdar and Y. Mao and W. Han and B. Clerckx},
  journal={Proc. IEEE Annu. Symp. Pers. Indoor Mobile Radio Commun. (PIMRC)},
  year={2020},
  langid = {english}
}
@article{36,
  title={Linear precoding and stream combining for rate splitting in multiuser MIMO systems},
  author={A. R. Flores and R. C. De Lamare and B. Clerckx,},
  journal={IEEE Commun. Lett.},
  year={2020},
  pages = {890–894},
  volume = {24},
  number = {4},
  langid = {english}
}
@article{37,
  title={Rate-splitting multiple access for multi-antenna downlink communication systems: Spectral and energy efficiency tradeoff},
  author={G. Zhou and Y. Mao and B. Clerckx},
  journal={IEEE Trans. Wireless Commun.},
  year={(early access) 2022},
  langid = {english}
}
@article{38,
  title={Rate-splitting multiple access for overloaded cellular internet of things},
  author={ Y. Mao and E. Piovano and B. Clerckx},
  journal={IEEE Trans. Commun.},
  year={2021},
  pages = {4504–4519},
  volume = {69},
  number = {7},
  langid = {english}
}
@article{39,
  title={“Rate-splitting multiple access for multi-antenna broadcast channel with imperfect CSIT and CSIR},
  author={J. An, O. Dizdar and B. Clerckx and W. Shin},
  journal={Proc. IEEE Annu. Symp. Pers. Indoor Mobile Radio Commun. (PIMRC)},
  year={2020},
  langid = {english}
}
@article{40,
  title={A rate splitting strategy for massive MIMO with imperfect CSIT},
  author={M. Dai and B. Clerckx and D. Gesbert and G. Caire},
  journal={IEEE Trans. Wireless Commun.},
  year={2016},
  pages = { 4611–4624},
  volume = {15},
  number = {7},
  langid = {english}
}
@article{41,
  title={Rate splitting for multiantenna downlink: Precoder design and practical implementation},
  author={ Z. Li and C. Ye and Y. Cui and S. Yang and S. Shamai},
  journal={IEEE J. Sel. Areas Commun.},
  year={2020},
  pages = {1910–1924},
  volume = {38},
  number = {8},
  langid = {english}
}
@article{42,
  title={“Rate splitting multiple access in C-RAN},
  author={A. A. Ahmad and Y. Mao and A. Sezgin and B. Clerckx,},
  journal={ Proc. IEEE Annu. Symp. Pers. Indoor Mobile Radio Commun. (PIMRC)},
  year={2020},
  langid = {english}
}
@article{43,
  title={Interference mitigation via rate-splitting and common message decoding in cloud radio access networks},
  author={A. Alameer Ahmad and H. Dahrouj and A. Chaaban and A. Sezgin and M. Alouini, },
  journal={IEEE Access},
  year={2019},
  pages = {80 350–80 365},
  volume = {7},
  langid = {english}
}
@article{44,
  title={Beyond dirty paper coding for multi-antenna broadcast channel with partial CSIT: A rate-splitting approach},
  author={Y. Mao and B. Clerckx},
  journal={IEEE Trans. Commun.},
  year={2020},
  pages = { 6775–6791},
  volume = {68},
  number = {11},
  langid = {english}
}
@article{45,
  title={Dirty paper coded rate-splitting for nonorthogonal unicast and multicast transmission with partial CSIT},
  author={Y. Mao and B. Clerckx},
  journal={Proc. 54th Asilomar Conf. Signals, Syst. Comput.},
  year={2020},
  langid = {english}
}
@article{46,
  title={Mitigating intra-cell pilot contamination in massive MIMO: A rate splitting approach},
  author={ A. Mishra and Y. Mao and C. K. Thomas and L. Sanguinetti and B. Clerckx},
  journal={arXiv preprint arXiv:2206.07499},
  year={2022},
  langid = {english}
}
@article{47,
  title={Rate-splitting multiple access to mitigate the curse of mobility in (massive) MIMO networks},
  author={ O. Dizdar and Y. Mao and B. Clerckx, },
  journal={IEEE Trans. Commun.},
  year={2021},
  pages = {6765–6780},
  volume = {69},
  number = {10},
  langid = {english}
}
@article{48,
  title={Maxmin fairness of K-user cooperative rate-splitting in MISO broadcast channel with user relaying},
  author={Y. Mao and B. Clerckx and J. Zhang and V. O. K. Li and M. A. Arafah},
  journal={IEEE Trans. Wireless Commun.},
  year={2020},
  pages = {6362–6376},
  volume = {19},
  number = {10},
  langid = {english}
}
@article{49,
  title={Rate-splitting assisted massive machine-type communications in cell-free massive MIMO},
  author={A. Mishra and Y. Mao and L. Sanguinetti and B. Clerckx,},
  journal={IEEE Commun. Lett.},
  year={2022},
  pages = { 1358–1362},
  volume = {26},
  number = {6},
  langid = {english}
}
@article{50,
  title={Multiuser millimeter wave beamforming strategies with quantized and statistical CSIT},
  author={M. Dai and B. Clerckx,},
  journal={ IEEE Trans. Wireless Commun.},
  year={2017},
  pages = {7025–7038},
  volume = {16},
  number = {11},
  langid = {english}
}
@article{51,
  title={Limited feedback hybrid precoding for multi-user millimeter wave systems},
  author={ A. Alkhatee and G. Leus and R. W. Heath},
  journal={ IEEE Trans. Wireless Commun.},
  year={2021},
  pages = { 6481–6494},
  volume = {14},
  number = {11},
  langid = {english}
}
@article{52,
  title={Multigroup multicast beamforming and antenna selection with ratesplitting in multicell systems},
  author={O. Tervo and L. Trant and S. Chatzinotas and B. Ottersten and M. Juntti},
  journal={Proc. IEEE Int. Workshop Signal Process. Adv. Wireless Commun. (SPAWC)},
  year={2018},
  langid = {english}
}
@article{53,
  title={Multigroup multicast beamforming and antenna selection with ratesplitting in multicell systems},
  author={O. Tervo and L. Trant and S. Chatzinotas and B. Ottersten and M. Juntti},
  journal={Proc. IEEE Int. Workshop Signal Process. Adv. Wireless Commun. (SPAWC)},
  year={2018},
  langid = {english}
}
@article{54,
  title={Rate-splitting multiple access for multigroup multicast and multibeam satellite systems},
  author={L. Yin and B. Clerckx},
  journal={IEEE Trans. Commun.},
  year={2021},
  pages = {976–990},
  volume = {69},
  number = {2},
  langid = {english}
}
@article{55,
  title={Rate splitting for multi-group multicasting with a common message},
  author={A. Z. Yalcin and M. Yuksel and B. Clerckx},
  journal={IEEE Trans. Veh. Technol.},
  year={2020},
  pages = {12 281–12 285},
  volume = {69},
  number = {10},
  langid = {english}
}
@article{56,
  title={Ratesplitting for multicarrier multigroup multicast: Precoder design and error performance},
  author={H. Chen and D. Mi and T. Wang and Z. Chu and Y. Xu and D. He and P. Xiao},
  journal={ IEEE Trans. Broadcast.},
  year={2021},
  pages = {619– 630},
  volume = {67},
  number = {3},
  langid = {english}
}
@article{57,
  title={Energyspectrum efficient content distribution in Fog-RAN using rate-splitting, common message decoding, and 3d-resource matching},
  author={M. Z. Hassan and M. J. Hossain and J. Cheng and V. C. M. Leung},
  journal={ IEEE Trans. Wireless Commun.},
  year={2021},
  pages = {4929–4946},
  volume = {20},
  number = {8},
  langid = {english}
}
@article{58,
  title={Ratesplitting multiple access in cache-aided cloud-radio access networks},
  author={ R.-J. Reifert and A. A. Ahmad and Y. Mao and A. Sezgin and B. Clerckx},
  journal={Frontiers in Commun. and Netw.},
  year={2021},
  langid = {english}
}
@article{59,
  title={Device-clustering and rate-splitting enabled device-to-device cooperation framework in fog radio access network},
  author={M. Z. Hassan and M. J. Hossain and J. Cheng and V. C. M. Leung},
  journal={ IEEE Trans. Green Commun. Netw.},
  year={2021},
  pages = {1482–1501},
  volume = {5},
  number = {3},
  langid = {english}
}
@article{60,
  title={Joint power allocation and power splitting for MISO-RSMA cognitive radio systems with SWIPT and information decoder users},
  author={M. R. Camana Acosta and C. E. G. Moreta and I. Koo,},
  journal={IEEE Syst. J.},
  year={2021},
  pages = { 5289–5300},
  volume = {15},
  number = {4},
  langid = {english}
}
@article{61,
  title={Robust power- and rate-splittingbased transceiver design in k -user MISO SWIPT interference channel under imperfect CSIT},
  author={X. Su and L. Li and H. Yin and P. Zhang},
  journal={IEEE Commun. Lett.},
  year={2019},
  pages = {514– 517},
  volume = {23},
  number = {3},
  langid = {english}
}
@article{62,
  title={Multiple access in aerial networks: From orthogonal and non-orthogonal to rate-splitting},
  author={W. Jaafar and S. Naser and S. Muhaidat and P. C. Sofotasios and H. Yanikomeroglu},
  journal={IEEE Open J. of Veh. Technol.},
  year={2020},
  pages = {372–392},
  volume = {1},
  langid = {english}
}
@article{63,
  title={On the downlink performance of RSMA-based UAV communications},
  author={W. Jaafar and S. Naser and S. Muhaidat and P. C. Sofotasios and H. Yanikomeroglu},
  journal={IEEE Trans. Veh. Technol.},
  year={2020},
  pages = { 16 258–16 263},
  volume = {69},
  number = {12},
  langid = {english}
}
@article{64,
  title={Rate splitting multiple access for multiantenna multi-carrier joint communications and jamming},
  author={ O. Dizdar and B. Clerckx},
  journal={ Int. Conf. in Sens. Signal Process. for Defence (SSPD)},
  year={2021},
  langid = {english}
}
@article{65,
  title={Rate-splitting multiple access for multigroup multicast cellular and satellite communications: PHY layer design and link-level simulations},
  author={ L. Yin and O. Dizdar and B. Clerckx},
  journal={Proc. IEEE Int. Conf. Commun. (ICC) Workshop},
  year={2021},
  langid = {english}
}
@article{66,
  title={Secure and energy efficient transmission for RSMA-based cognitive satelliteterrestrial networks},
  author={Z. Lin and M. Lin and B. Champagne and W.-P. Zhu and N. Al-Dhahir},
  journal={IEEE Wireless Communications Letters},
  year={2021},
  pages = {251-255},
  volume = {10},
  number = {2},
  langid = {english}
}
@article{67,
  title={A survey of energy-efficient techniques for 5G networks and challenges ahead},
  author={ S. Buzzi and C. L. I and T. E. Klein and H. V. Poor and C. Yang and A. Zappone},
  journal={IEEE Journal on Selected Areas in Communications},
  year={2016},
  pages = { 697–709},
  volume = {34},
  number = {4},
  langid = {english}
}
@article{68,
  title={Optimal energy-efficient transmit beamforming for multi-user MISO downlink},
  author={O. Tervo and L. N. Tran and M. Juntti},
  journal={IEEE Transactions on Signal Processing},
  year={2015},
  pages = {5574–5588},
  volume = {63},
  number = {20},
  langid = {english}
}
@article{69,
  title={Energy-efficient beam coordination strategies with rate-dependent processing power},
  author={O. Tervo and A. Tolli and M. Juntti and L. N. Tran},
  journal={IEEE Transactions on Signal Processing},
  year={2017},
  pages = {6097–6112},
  volume = {65},
  number = {22},
  langid = {english}
}
@article{70,
  title={Energy efficiency optimization in MIMO interference channels: A successive pseudoconvex approximation approach},
  author={Y. Yang and M. Pesavento and S. Chatzinotas and B. Ottersten},
  journal={arXiv preprint arXiv:1802.06750},
  year={2018},
  langid = {english}
}
@article{71,
  title={Energy efficiency optimization for fading MIMO non-orthogonal multiple access systems},
  author={Q. Sun and S. Han and C. L. I and Z. Pan},
  journal={IEEE International Conference on Communications (ICC)},
  year={2015},
  langid = {english}
}

@article{72,
  title={On energy efficiency optimization in downlink MIMO–NOMA},
  author={P. Wu and J. Zeng and X. Su and H. Gao and T. Lv},
  journal={IEEE International Conference on Communications Workshops (ICC Workshops)},
  year={May 2017},
  pages = {399–404},
  langid = {english}
}
@article{73,
  title={Energy efficiency of rate-splitting multiple access, and performance benefits over sdma and noma},
  author={Y. Mao and B. Clerckx and V. O. Li},
  journal={15th ISWCS},
  year={2018},
  pages = {1-5},
  langid = {english}
}
@article{74,
  title={Rate-splitting multiple access for multi-antenna downlink communication systems: Spectral and energy efficiency tradeoff},
  author={G. Zhou and Y. Mao and B. Clerckx,},
  journal={IEEE Trans. Wirel. Commun.},
  year={2021},
  pages = {1–1},
  langid = {english}
}
@article{75,
  title={Automatic modulation classification: A deep learning enable approach},
  author={F. Meng and P. Chen and L. Wu and X. Wang},
  journal={ IEEE Trans. Veh. Technol.},
  year={2018},
  pages = {10760–10772},
  volume = {67},
  number = {11},
  langid = {english}
}
@article{76,
  title={Power of deep learning for channel estimation and signal detection in OFDM systems },
  author={H. Ye and G. Y. Li and B.-H. Juang},
  journal={IEEE Wireless Commun. Lett.},
  year={2018},
  pages = {114–117},
  volume = {7},
  number = {1},
  langid = {english}
}
@article{77,
  title={Reinforcement Learning: An Introduction},
  author={R. S. Sutton and A. G. Barto},
  journal={Cambridge, MA, USA: MIT Press},
  year={2018},
  langid = {english}
}
@article{78,
  title={Deep reinforcement learning: An overview},
  author={Y. Li},
  journal={CoRR},
  year={2017},
  pages = {1-85},
  volume = {abs/1701.07274},
  langid = {english}
}
@article{79,
  title={Mastering the game of go without human knowledge},
  author={D. Silver et al.},
  journal={Nature},
  year={2017},
  pages = {354–359},
  volume = {550},
  number = { 7676},
  langid = {english}
}
@article{80,
  title={Human-level control through deep reinforcement learning},
  author={V. Mnih et al.},
  journal={Nature},
  year={2015},
  pages = {529},
  volume = {518},
  number = {7540},
  langid = {english}
}
@article{81,
  title={Learning to optimize: Training deep neural networks for interference management},
  author={H. Sun and X. Chen and Q. Shi and M. Hong and X. Fu and N. D. Sidiropoulos},
  journal={IEEE Trans. Signal Process.},
  year={2018},
  pages = {5438–5453},
  volume = {66},
  number = {20},
  langid = {english}
}
@article{82,
  title={Towards optimal power control via ensembling deep neural networks},
  author={F. Liang and C. Shen and W. Yu and F. Wu},
  journal={CoRR},
  year={2018},
  pages = {1-30},
  volume = {abs/1807.10025},
  langid = {english}
}
@article{83,
  title={A Q-learning based approach to interference avoidance in self-organized femtocell networks},
  author={M. Bennis and D. Niyato},
  journal={Proc. IEEE Globecom Workshops},
  year={2018},
  pages = {706–710},
  langid = {english}
}
@article{84,
  title={Improved decentralized Q-learning algorithm for interference reduction in LTE-femtocells},
  author={M. Simsek and A. Czylwik and A. Galindo-Serrano and L. Giupponi},
  journal={Proc. Wireless Adv.},
  year={2011},
  pages = {138–143},
  langid = {english}
}
@article{85,
  title={Intelligent
power control for spectrum sharing in cognitive radios: A deep reinforcement learning approach
},
  author={X. Li and J. Fang and W. Cheng and H. Duan and Z. Chen and H. Li},
  journal={IEEE Access},
  year={2018},
  pages = {25463–25473},
  volume = {6},
  langid = {english}
}
@article{86,
  title={Power Allocation in Multi-User Cellular Networks:
Deep Reinforcement Learning Approaches
},
  author={F. Meng and P. Chen and L. Wu and J. Cheng},
  journal={EEE Transactions on Wireless Communications},
  year={2020},
  pages = { 6255-6267},
  volume = {19},
  number = {10},
  langid = {english}
}
@article{87,
  title={Power Allocation in Multi-User Cellular Networks with Deep Q Learning Approach},
  author={F. Meng and P. Chen and L. Wu},
  journal={IEEE International Conference on Communications (ICC)},
  year={2019},
  pages = {1-6},
  langid = {english}
}
@article{88,
  title={Multi-Agent Deep Reinforcement Learning for Dynamic Power Allocation in Wireless Networks},
  author={Y. S. Nasir and D. Guo},
  journal={EEE Journal on Selected Areas in Communications},
  year={2019},
  pages = {2239-2250},
  volume = {37},
  number = {10},
  langid = {english}
}
@article{89,
  title={Optimal Power Allocation for Rate Splitting Communications With Deep Reinforcement Learning},
  author={N. Q. Hieu and D. T. Hoang and D. Niyato and D. I. Kim},
  journal={IEEE Wireless Communications Letters},
  year={2021},
  pages = {2820-2823},
  volume = {10},
  number = {12},
  langid = {english}
}
@article{90,
  title={The Theory of Dynamic Programming},
  author={Bellman, Richard Ernest},
  journal={CA: RAND Corporation},
  year={1954},
  url = {https://www.rand.org/pubs/papers/P550.html},
  langid = {english}
}
@article{91,
  title={Q-learning},
  author={Watkins, C.J.C.H. and Dayan, P. },
  journal={Machine Learning 8},
  year={1992},
  url = {https://doi.org/10.1007/BF00992698},
  pages = {279–292},
  volume = {8(3-4)},
  langid = {english}
}

@inproceedings{92,
  title={On-line Q-learning using connectionist systems},
  author={Gavin Adrian Rummery and Mahesan Niranjan},
  year={1994},
  langid = {english}
}

@article{93,
  title={Intrinsically Motivated Neuroevolution for Vision-Based Reinforcement Learning},
  author={Giuseppe Cuccu and Matthew Luciw and Jurgen Schmidhuber and Faustino Gomez},
  journal={ICDL},
  year={2011},
  volume = {2},
  langid = {english}
}
@article{94,
  title={Recurrent Policy Gradients},
  author={Daan Wierstra and Alexander Forster and Jan Peters and Jurgen Schmidhuber},
  journal={Logic Journal of the IGPL},
  year={2010},
  volume = {15},
  number = {5},
  pages = {620–634},
  langid = {english}
}
@article{95,
  title={Simple Statistical Gradient-Following Algorithms for Connectionist Reinforcement Learning},
  author={Ronald J Williams},
  journal={Machine Learning},
  year={1992},
  volume = {8},
  number = {3-4},
  pages = {229–256},
  langid = {english}
}
@article{96,
  title={Evolving Large-Scale Neural Networks for Vision-Based Reinforcement Learning},
  author={Jan Koutnik and Giuseppe Cuccu and Jurgen Schmidhuber and Faustino Gomez},
  journal={GECCO},
  year={2013},
  langid = {english}
}

@article{97,
  title={Multiagent cooperation and competition with deep reinforcement learning},
  author={Tampuu, A. and Matiisen, T. and Kodelja, D. and Kuzovkin, I.and Korjus, K. and Aru, J. and Vicente, R.},
  journal={PloS One},
  year={2017},
  volume = {12},
  number = {4},
  langid = {english}
}

@article{98,
  title={A unified game-theoretic approach to multiagent reinforcement learning},
  author={Lanctot, M. and Zambaldi, V. and Gruslys, A. and Lazaridou, A. and Perolat, J. and Silver, D. and Graepel, T. },
  journal={Advances in Neural Information Processing Systems},
  year={2017},
  pages = {4193-4206},
  langid = {english}
}

@article{99,
  title={Multi-agent reinforcement learning as a rehearsal for decentralized planning},
  author={Kraemer, L. and Banerjee, B. },
  journal={Neurocomputing},
  year={2016},
  volume = {190},
  pages = {82-94},
  langid = {english}
}

@article{100,
  title={Counterfactual multiagent policy gradients},
  author={Foerster, J. and Farquhar, G. and Afouras, T. and Nardelli, N. and Whiteson, S.},
  journal={Proceedings of the Thirty-Second AAAI Conference on Artificial Intelligence},
  year={2018},
  pages = {2974-2982},
  langid = {english}
}

@article{101,
  title={Cooperative multi-agent control using deep reinforcement learning},
  author={Gupta, J. K. and Egorov, M. and Kochenderfer, M. },
  journal={International Conference on Autonomous Agents and Multiagent Systems},
  year={2017},
  pages = {66-83},
  langid = {english}
}

@article{102,
  title={Rate-Splitting Multiple Access: Fundamentals, Survey, and Future Research Trends},
  author={Yijie Maoa and Onur Dizdar and Bruno Clerckx and  Robert Schober and Petar Popovski and H. Vincent Poor },
  journal={arXiv:2201.03192 [cs.IT]},
  year={2022},
  langid = {english}
}

@article{103,
  title={Deep Reinforcement Learning for Multi-Agent Systems: A Review of Challenges, Solutions and Applications},
  author={Thanh Thi Nguyen and Ngoc Duy Nguyen and Saeid Nahavandi },
  journal={IEEE Transactions on Cybernetics},
  year={2019},
  langid = {english}
}

@article{104,
  title={Neural Networks and
Learning Machines
Third Edition},
  author={Simon Haykin},
  year={2009},
  langid = {english}
}